<?xml version="1.0" encoding="UTF-8"?><collection xmlns="http://www.loc.gov/MARC21/slim"><record><leader>00709nam--2200193-i-4500</leader><controlfield tag="001">000019968</controlfield><controlfield tag="002">20161230</controlfield><controlfield tag="005">20161230201033</controlfield><controlfield tag="008">060222s1000------------r-----000-0-rum-d</controlfield><datafield ind1=" " ind2=" " tag="040"><subfield code="a">IFIN-HH</subfield></datafield><datafield ind1=" " ind2=" " tag="041"><subfield code="a">rum</subfield></datafield><datafield ind1=" " ind2=" " tag="080"><subfield code="a">530.12</subfield></datafield><datafield ind1="1" ind2=" " tag="100"><subfield code="a">Einstein, Albert</subfield></datafield><datafield ind1="1" ind2="0" tag="245"><subfield code="a">Teoria relativitatii. dupa editia cincia care cuprinde si teoria relativista a cimpului nesimetric. traducere din limba engleza</subfield><subfield code="c">Albert einstein</subfield></datafield><datafield ind1=" " ind2=" " tag="260"><subfield code="a">Bucuresti</subfield><subfield code="b">Editura Tehnica</subfield><subfield code="c">1957</subfield></datafield><datafield ind1=" " ind2=" " tag="300"><subfield code="a">196 P.+ ERATA</subfield></datafield><datafield ind1=" " ind2=" " tag="500"><subfield code="a">Titlul Original In Limba Engleza: The Meaning Of Relativity, Fifth Edition, Including The Relativistic Theory Of The Non-symmetric Field</subfield></datafield><datafield ind1=" " ind2=" " tag="852"><subfield code="a">4524</subfield><subfield code="c">530.12</subfield></datafield><datafield ind1=" " ind2=" " tag="CAT"><subfield code="a">Sys</subfield><subfield code="c">20110125</subfield><subfield code="h">093125</subfield></datafield></record></collection>